<record><leader>00000cas a22000007a 4500</leader><controlfield tag="001">11716080</controlfield><controlfield tag="008">850221d18801918ncuwr ne      0    0eng  </controlfield><datafield ind1=" " ind2=" " tag="010"><subfield code="a">sn 85042052 </subfield></datafield><datafield ind1=" " ind2=" " tag="040"><subfield code="a">DLC</subfield><subfield code="b">eng</subfield><subfield code="c">DLC</subfield><subfield code="d">NVJ</subfield><subfield code="d">NOC</subfield><subfield code="d">DLC</subfield><subfield code="d">OCLCA</subfield><subfield code="d">OCLCF</subfield></datafield><datafield ind1="1" ind2=" " tag="029"><subfield code="a">AU@</subfield><subfield code="b">000025816966</subfield></datafield><datafield ind1=" " ind2=" " tag="042"><subfield code="a">msc</subfield></datafield><datafield ind1="0" ind2="0" tag="050"><subfield code="a">Newspaper 9137-X</subfield></datafield><datafield ind1="0" ind2=" " tag="130"><subfield code="a">Orange County observer (Hillsboro, N.C.)</subfield></datafield><datafield ind1="0" ind2="0" tag="245"><subfield code="a">Orange County observer.</subfield></datafield><datafield ind1=" " ind2=" " tag="260"><subfield code="3">&lt;Oct. 23, 1880&gt;-&lt;Dec. 25, 1880&gt;:</subfield><subfield code="a">Hillsborough, N.C. :</subfield><subfield code="b">Joseph A. Harris, R.C. Strudwick,</subfield><subfield code="c">[1880]-</subfield></datafield><datafield ind1=" " ind2=" " tag="260"><subfield code="3">&lt;Jan. 29, 1881&gt;- :</subfield><subfield code="a">Hillsborough, N.C. :</subfield><subfield code="b">Joseph A. Harris</subfield></datafield><datafield ind1=" " ind2=" " tag="260"><subfield code="3">&lt;Mar. 18, 1915&gt;- :</subfield><subfield code="a">Hillsboro, N.C. :</subfield><subfield code="b">John T. Johnston</subfield></datafield><datafield ind1=" " ind2=" " tag="260"><subfield code="3">&lt;July 26, 1917&gt;- :</subfield><subfield code="a">Hillsboro, N.C. :</subfield><subfield code="b">P.H. Elkins</subfield></datafield><datafield ind1=" " ind2=" " tag="300"><subfield code="a">v. ;</subfield><subfield code="c">56 cm.</subfield></datafield><datafield ind1=" " ind2=" " tag="310"><subfield code="a">Weekly</subfield></datafield><datafield ind1="1" ind2=" " tag="362"><subfield code="a">Began in 1880.</subfield></datafield><datafield ind1="1" ind2=" " tag="362"><subfield code="a">Ceased in 1918?</subfield><subfield code="z">Cf. Gregory, W.  Amer. newspapers.</subfield></datafield><datafield ind1=" " ind2=" " tag="588"><subfield code="a">Description based on: New ser., Vol. 1, no. 3 (Oct. 23, 1880); title from masthead.</subfield></datafield><datafield ind1=" " ind2=" " tag="515"><subfield code="a">New ser. v. 8, no. 48 skipped in enumeration; n.s. v. 10, no. 51-52 skipped in enumeration.</subfield></datafield><datafield ind1=" " ind2=" " tag="515"><subfield code="a">Two issues called n.s. v. 9, no. 28, Apr. 12, 1890 and Apr. 19, 1890.</subfield></datafield><datafield ind1=" " ind2=" " tag="515"><subfield code="a">New ser. v. 10, no. 24, Apr. 4, 1891, misdated as Mar. 4, 1891 in masthead; n.s. v. 15, no. 2 Dec. 7, 1895, misdated as Nov. 7, 1895 in masthead.</subfield></datafield><datafield ind1=" " ind2=" " tag="500"><subfield code="a">Some issues have "Supplement".</subfield></datafield><datafield ind1=" " ind2=" " tag="500"><subfield code="a">Democratic.</subfield></datafield><datafield ind1=" " ind2=" " tag="588"><subfield code="a">Latest issue consulted: New ser. v. 29, no. 20 (Aug. 9, 1917).</subfield></datafield><datafield ind1=" " ind2="0" tag="651"><subfield code="a">Orange County (N.C.)</subfield><subfield code="v">Newspapers.</subfield></datafield><datafield ind1=" " ind2="0" tag="651"><subfield code="a">Hillsborough (N.C.)</subfield><subfield code="v">Newspapers.</subfield></datafield><datafield ind1=" " ind2="0" tag="651"><subfield code="a">North Carolina</subfield><subfield code="v">Newspapers.</subfield></datafield><datafield ind1=" " ind2="7" tag="655"><subfield code="a">Newspapers.</subfield><subfield code="2">fast</subfield><subfield code="0">(OCoLC)fst01423814</subfield></datafield><datafield ind1=" " ind2="7" tag="651"><subfield code="a">North Carolina.</subfield><subfield code="2">fast</subfield><subfield code="0">(OCoLC)fst01204304</subfield></datafield><datafield ind1=" " ind2="7" tag="651"><subfield code="a">North Carolina</subfield><subfield code="z">Hillsborough.</subfield><subfield code="2">fast</subfield><subfield code="0">(OCoLC)fst01220745</subfield></datafield><datafield ind1=" " ind2="7" tag="651"><subfield code="a">North Carolina</subfield><subfield code="z">Orange County.</subfield><subfield code="2">fast</subfield><subfield code="0">(OCoLC)fst01220945</subfield></datafield><datafield ind1=" " ind2=" " tag="752"><subfield code="a">United States</subfield><subfield code="b">North Carolina</subfield><subfield code="c">Orange</subfield><subfield code="d">Hillsborough.</subfield></datafield><datafield ind1="0" ind2="0" tag="780"><subfield code="t">Southern mail</subfield><subfield code="w">(DLC)sn 85042053</subfield><subfield code="w">(OCoLC)11716283</subfield></datafield></record>